<record><leader>00000cas a22000007a 4500</leader><controlfield tag="001">2267486</controlfield><controlfield tag="008">760620d1848186upauwr ne      0    0eng d</controlfield><datafield ind1=" " ind2=" " tag="010"><subfield code="a">sn 84026247 </subfield></datafield><datafield ind1=" " ind2=" " tag="040"><subfield code="a">PIT</subfield><subfield code="b">eng</subfield><subfield code="c">PIT</subfield><subfield code="d">NPU</subfield><subfield code="d">NPH</subfield><subfield code="d">OCL</subfield><subfield code="d">DLC</subfield><subfield code="d">NPH</subfield><subfield code="d">MGN</subfield><subfield code="d">OCLCQ</subfield></datafield><datafield ind1=" " ind2=" " tag="042"><subfield code="a">msc</subfield></datafield><datafield ind1="0" ind2="0" tag="050"><subfield code="a">Newspaper 9601</subfield></datafield><datafield ind1="0" ind2="4" tag="245"><subfield code="a">The Saturday morning post.</subfield></datafield><datafield ind1="1" ind2="3" tag="246"><subfield code="a">Saturday post</subfield></datafield><datafield ind1="1" ind2="3" tag="246"><subfield code="a">Weekly post</subfield></datafield><datafield ind1="1" ind2="7" tag="246"><subfield code="a">Pittsburgh Saturday morning post</subfield></datafield><datafield ind1=" " ind2=" " tag="260"><subfield code="a">Pittsburgh [Pa.] :</subfield><subfield code="b">L. Harper</subfield></datafield><datafield ind1=" " ind2=" " tag="300"><subfield code="a">v. :</subfield><subfield code="b">ill. (chiefly advertisements) ;</subfield><subfield code="c">72 cm.</subfield></datafield><datafield ind1=" " ind2=" " tag="310"><subfield code="a">Weekly</subfield></datafield><datafield ind1="1" ind2=" " tag="362"><subfield code="a">Began Dec. 30, 1848?</subfield></datafield><datafield ind1=" " ind2=" " tag="500"><subfield code="a">"A family journal devoted to foreign and domestic news, literature, agriculture, commercial intelligence, education, amusement, science and art, etc."</subfield></datafield><datafield ind1=" " ind2=" " tag="500"><subfield code="a">"A continuation of the Pittsburgh Mercury and American manufacturer."</subfield></datafield><datafield ind1=" " ind2=" " tag="500"><subfield code="a">Publisher: G.F. Gillmore &amp; J.B. Montgomery, &lt;Sept. 2, 1854&gt;.</subfield></datafield><datafield ind1=" " ind2=" " tag="588"><subfield code="a">Description based on: Vol. 1, no. 9 (Feb. 24, 1849).</subfield></datafield><datafield ind1=" " ind2=" " tag="752"><subfield code="a">United States</subfield><subfield code="b">Pennsylvania</subfield><subfield code="c">Allegheny</subfield><subfield code="d">Pittsburgh.</subfield></datafield><datafield ind1="0" ind2=" " tag="775"><subfield code="t">Daily morning post (Pittsburgh, Pa. : 1846)</subfield><subfield code="w">(DLC)sn 84026248</subfield></datafield><datafield ind1="0" ind2=" " tag="775"><subfield code="t">Pittsburgh morning post (Pittsburgh, Pa. : 1855)</subfield><subfield code="w">(DLC)sn 85054567</subfield></datafield><datafield ind1="0" ind2=" " tag="775"><subfield code="t">Pittsburgh post (Pittsburgh, Pa. : 1859)</subfield><subfield code="w">(DLC)sn 85054562</subfield></datafield><datafield ind1="0" ind2="0" tag="780"><subfield code="t">Weekly Mercury and manufacturer</subfield><subfield code="w">(DLC)sn 86083225</subfield></datafield><datafield ind1="0" ind2="0" tag="785"><subfield code="t">Weekly post (Pittsburgh, Pa.)</subfield><subfield code="w">(DLC)sn 84026386</subfield></datafield></record>